@book{ifan2012,
  title={Measurements and their Uncertainties: A practical Guide to Modern Error Analysis},
  author={IFan G. Huges and Thomas P.A. Hase},
  volume={1},
  year={2012},
  publisher={Oxford}
}

@book{tufte1983visual,
  title={The visual display of quantitative information},
  author={Tufte, Edward R and Graves-Morris, PR},
  volume={2},
  year={1983},
  publisher={Graphics press Cheshire, CT}
}

@book{rousseeuw2005robust,
  title={Robust regression and outlier detection},
  author={Rousseeuw, Peter J and Leroy, Annick M},
  volume={589},
  year={2005},
  publisher={Wiley. com}
}

@inproceedings{silva2000visualization,
  title={Visualization of linear time-oriented data: a survey},
  author={Silva, S{\^o}nia Fernandes and Catarci, Tiziana},
  booktitle={Web Information Systems Engineering, 2000. Proceedings of the First International Conference on},
  volume={1},
  pages={310--319},
  year={2000},
  organization={IEEE}
}

@inproceedings{chan2008maintaining,
  title={Maintaining interactivity while exploring massive time series},
  author={Chan, Sye-Min and Xiao, Ling and Gerth, John and Hanrahan, Pat},
  booktitle={Visual Analytics Science and Technology, 2008. VAST'08. IEEE Symposium on},
  pages={59--66},
  year={2008},
  organization={IEEE}
}
@inproceedings{fails2006visual,
  title={A visual interface for multivariate temporal data: Finding patterns of events across multiple histories},
  author={Fails, Jerry Alan and Karlson, Amy and Shahamat, Layla and Shneiderman, Ben},
  booktitle={Visual Analytics Science And Technology, 2006 IEEE Symposium On},
  pages={167--174},
  year={2006},
  organization={IEEE}
}

@inproceedings{bremm2011interactive,
  title={Interactive visual comparison of multiple trees},
  author={Bremm, Sebastian and von Landesberger, Tatiana and He{\ss}, Martin and Schreck, Tobias and Weil, Philipp and Hamacherk, K},
  booktitle={Visual Analytics Science and Technology (VAST), 2011 IEEE Conference on},
  pages={31--40},
  year={2011},
  organization={IEEE}
}

@inproceedings{plaisant1996lifelines,
  title={LifeLines: visualizing personal histories},
  author={Plaisant, Catherine and Milash, Brett and Rose, Anne and Widoff, Seth and Shneiderman, Ben},
  booktitle={Proceedings of the SIGCHI conference on Human factors in computing systems},
  pages={221--227},
  year={1996},
  organization={ACM}
}

@inproceedings{mclachlan2008liverac,
  title={LiveRAC: interactive visual exploration of system management time-series data},
  author={McLachlan, Peter and Munzner, Tamara and Koutsofios, Eleftherios and North, Stephen},
  booktitle={Proceedings of the twenty-sixth annual SIGCHI conference on Human factors in computing systems},
  pages={1483--1492},
  year={2008},
  organization={ACM}
}

@inproceedings{javed2010stack,
  title={Stack zooming for multi-focus interaction in time-series data visualization},
  author={Javed, Waqas and Elmqvist, Niklas},
  booktitle={Pacific Visualization Symposium (PacificVis), 2010 IEEE},
  pages={33--40},
  year={2010},
  organization={IEEE}
}

@article{hochheiser2004dynamic,
  title={Dynamic query tools for time series data sets: timebox widgets for interactive exploration},
  author={Hochheiser, Harry and Shneiderman, Ben},
  journal={Information Visualization},
  volume={3},
  number={1},
  pages={1--18},
  year={2004},
  publisher={SAGE Publications}
}

@inproceedings{elmqvist2008melange,
  title={Melange: space folding for multi-focus interaction},
  author={Elmqvist, Niklas and Henry, Nathalie and Riche, Yann and Fekete, Jean-Daniel},
  booktitle={Proceedings of the SIGCHI Conference on Human Factors in Computing Systems},
  pages={1333--1342},
  year={2008},
  organization={ACM}
}

@inproceedings{kittur2008crowdsourcing,
  title={Crowdsourcing user studies with Mechanical Turk},
  author={Kittur, Aniket and Chi, Ed H and Suh, Bongwon},
  booktitle={Proceedings of the SIGCHI conference on human factors in computing systems},
  pages={453--456},
  year={2008},
  organization={ACM}
}

@article{liu2008distributed,
  title={Distributed cognition as a theoretical framework for information visualization},
  author={Liu, Zhicheng and Nersessian, Nancy and Stasko, John},
  journal={Visualization and Computer Graphics, IEEE Transactions on},
  volume={14},
  number={6},
  pages={1173--1180},
  year={2008},
  publisher={IEEE}
}

@inproceedings{shafer2012rainmon,
  title={RainMon: an integrated approach to mining bursty timeseries monitoring data},
  author={Shafer, Ilari and Ren, Kai and Boddeti, Vishnu Naresh and Abe, Yoshihisa and Ganger, Gregory R and Faloutsos, Christos},
  booktitle={Proceedings of the 18th ACM SIGKDD international conference on Knowledge discovery and data mining},
  pages={1158--1166},
  year={2012},
  organization={ACM}
}

@article{javed2010graphical,
  title={Graphical perception of multiple time series},
  author={Javed, Waqas and McDonnel, Bryan and Elmqvist, Niklas},
  journal={Visualization and Computer Graphics, IEEE Transactions on},
  volume={16},
  number={6},
  pages={927--934},
  year={2010},
  publisher={IEEE}
}

@article{aigner2008visual,
  title={Visual methods for analyzing time-oriented data},
  author={Aigner, Wolfgang and Miksch, Silvia and Muller, Wolfgang and Schumann, Heidrun and Tominski, Christian},
  journal={Visualization and Computer Graphics, IEEE Transactions on},
  volume={14},
  number={1},
  pages={47--60},
  year={2008},
  publisher={IEEE}
}

@article{Chandola2009,
 author = {Chandola, Varun and Banerjee, Arindam and Kumar, Vipin},
 title = {Anomaly Detection: A Survey},
 journal = {ACM Comput. Surv.},
 issue_date = {July 2009},
 volume = {41},
 number = {3},
 month = jul,
 year = {2009},
 issn = {0360-0300},
 pages = {15:1--15:58},
 articleno = {15},
 numpages = {58},
 url = {http://doi.acm.org/10.1145/1541880.1541882},
 doi = {10.1145/1541880.1541882},
 acmid = {1541882},
 publisher = {ACM},
 address = {New York, NY, USA},
 keywords = {Anomaly detection, outlier detection},
} 

@inproceedings{Brauckhoff2010,
 author = {Brauckhoff, Daniela and Salamatian, Kave and May, Martin},
 title = {A Signal Processing View on Packet Sampling and Anomaly Detection},
 booktitle = {Proceedings of the 29th Conference on Information Communications},
 series = {INFOCOM'10},
 year = {2010},
 isbn = {978-1-4244-5836-3},
 location = {San Diego, California, USA},
 pages = {713--721},
 numpages = {9},
 url = {http://dl.acm.org/citation.cfm?id=1833515.1833641},
 acmid = {1833641},
 publisher = {IEEE Press},
 address = {Piscataway, NJ, USA},
} 

@INPROCEEDINGS{Liao2010, 
author={Zicheng Liao and Yizhou Yu and Baoquan Chen}, 
booktitle={Visual Analytics Science and Technology (VAST), 2010 IEEE Symposium on}, 
title={Anomaly detection in GPS data based on visual analytics}, 
year={2010}, 
pages={51-58}, 
keywords={Global Positioning System;data analysis;data flow analysis;data visualisation;graphical user interfaces;human computer interaction;information retrieval;learning (artificial intelligence);visual databases;GPS Visual Analytics System;anomaly detection;conditional random field model;data driven modeling;domain specific expertise;high level intelligence;human computer interaction;information extraction;interactive user interface;machine learning;real time data behavior;visualization;Data models;Data visualization;Global Positioning System;Histograms;Humans;Machine learning;Training;Feature evaluation and selection;H.1.2 [Models and Principles]: User/Machine Systems-Human information processing;H.5.2 [Information Interfaces and Presentation]: User Interfaces-Graphics user interfaces;I.5.2 [Pattern Recognition]: Design Methodology-Pattern analysis}, 
doi={10.1109/VAST.2010.5652467},}

@article{Liao2011,
 author = {Liao, Qi and Shi, Lei and He, Yuan and Li, Rui and Su, Zhong and Striegel, Aaron and Liu, Yunhao},
 title = {Visualizing Anomalies in Sensor Networks},
 journal = {SIGCOMM Comput. Commun. Rev.},
 issue_date = {August 2011},
 volume = {41},
 number = {4},
 month = aug,
 year = {2011},
 issn = {0146-4833},
 pages = {460--461},
 numpages = {2},
 url = {http://doi.acm.org/10.1145/2043164.2018521},
 doi = {10.1145/2043164.2018521},
 acmid = {2018521},
 publisher = {ACM},
 address = {New York, NY, USA},
 keywords = {anomaly detection and analysis, diagnosing, visualization, wireless sensor networks},
} 

@article{Sip2012,
author = {Mike Sips and Patrick Kothur and Andrea Unger and Hans-Christian Hege and Doris Dransch},
title = {A Visual Analytics Approach to Multiscale Exploration of Environmental Time Series},
journal ={IEEE Transactions on Visualization and Computer Graphics},
volume = {18},
number = {12},
issn = {1077-2626},
year = {2012},
pages = {2899-2907},
doi = {http://doi.ieeecomputersociety.org/10.1109/TVCG.2012.191},
publisher = {IEEE Computer Society},
address = {Los Alamitos, CA, USA},
}

@inproceedings{Kandel2011,
 author = {Kandel, Sean and Paepcke, Andreas and Hellerstein, Joseph and Heer, Jeffrey},
 title = {Wrangler: Interactive Visual Specification of Data Transformation Scripts},
 booktitle = {Proceedings of the SIGCHI Conference on Human Factors in Computing Systems},
 series = {CHI '11},
 year = {2011},
 isbn = {978-1-4503-0228-9},
 location = {Vancouver, BC, Canada},
 pages = {3363--3372},
 numpages = {10},
 url = {http://doi.acm.org/10.1145/1978942.1979444},
 doi = {10.1145/1978942.1979444},
 acmid = {1979444},
 publisher = {ACM},
 address = {New York, NY, USA},
 keywords = {data analysis, data cleaning, transformation, visualization, wrangler},
} 

@inproceedings{Kandel2012,
 author = {Kandel, Sean and Parikh, Ravi and Paepcke, Andreas and Hellerstein, Joseph M. and Heer, Jeffrey},
 title = {Profiler: Integrated Statistical Analysis and Visualization for Data Quality Assessment},
 booktitle = {Proceedings of the International Working Conference on Advanced Visual Interfaces},
 series = {AVI '12},
 year = {2012},
 isbn = {978-1-4503-1287-5},
 location = {Capri Island, Italy},
 pages = {547--554},
 numpages = {8},
 url = {http://doi.acm.org/10.1145/2254556.2254659},
 doi = {10.1145/2254556.2254659},
 acmid = {2254659},
 publisher = {ACM},
 address = {New York, NY, USA},
 keywords = {anomaly detection, data analysis, data quality, visualization},
} 
